<?xml version="1.0" encoding="UTF-8"?>
<OAI-PMH xmlns="http://www.openarchives.org/OAI/2.0/" xmlns:xsi="http://www.w3.org/2001/XMLSchema-instance" xsi:schemaLocation="http://www.openarchives.org/OAI/2.0/ http://www.openarchives.org/OAI/2.0/OAI-PMH.xsd">
  <ListRecords>
    <record>
      <header>
        <identifier>aleph-publish:000102057</identifier>
      </header>
      <metadata>
        <record xmlns="http://www.ddb.de/professionell/mabxml/mabxml-1.xsd">
          <leader>00708nM2.01200024------h</leader>
          <controlfield tag="LDR">00708nM2.01200024------h</controlfield>
          <controlfield tag="FMT">MH</controlfield>
          <datafield tag="001" ind1="-" ind2="1">
            <subfield code="a">HT000565059</subfield>
          </datafield>
          <datafield tag="002" ind1="a" ind2="1">
            <subfield code="a">19991118</subfield>
          </datafield>
          <datafield tag="003" ind1="-" ind2="1">
            <subfield code="a">20010613</subfield>
          </datafield>
          <datafield tag="004" ind1="-" ind2="1">
            <subfield code="a">20031206</subfield>
          </datafield>
          <controlfield tag="030">a|5dc||||||25</controlfield>
          <controlfield tag="050">a|||||||||||||</controlfield>
          <controlfield tag="051">m||||||</controlfield>
          <datafield tag="070" ind1="-" ind2="1">
            <subfield code="a">HBZ/Off</subfield>
          </datafield>
          <datafield tag="070" ind1="b" ind2="1">
            <subfield code="a">HBZ/Red</subfield>
          </datafield>
          <datafield tag="078" ind1="b" ind2="1">
            <subfield code="a">alt</subfield>
          </datafield>
          <datafield tag="080" ind1="-" ind2="1">
            <subfield code="a">60</subfield>
          </datafield>
          <datafield tag="200" ind1="-" ind2="1">
            <subfield code="k">Projektträger DV im Bildungswesen</subfield>
            <subfield code="9">(DE-588)2082529-8</subfield>
          </datafield>
          <datafield tag="204" ind1="a" ind2="1">
            <subfield code="e">Werkstattgespräch Analyse und Bewertung Wesentlicher Autoren- und Dialogsprachen für den Bereich des Bildungswesens</subfield>
            <subfield code="d">1973</subfield>
            <subfield code="c">Paderborn</subfield>
            <subfield code="9">(DE-588)2038891-3</subfield>
          </datafield>
          <datafield tag="310" ind1="-" ind2="1">
            <subfield code="a">REFERATE UND DISKUSSIONEN DES WERKSTATTGESPRAECHS</subfield>
          </datafield>
          <datafield tag="331" ind1="-" ind2="1">
            <subfield code="a">REFERATE UND DISKUSSIONEN DES WERKSTATTGESPRAECHS, ANALYSE UND BEWERTUNG WESENTLICHER AUTOREN- UND DIALOGSPRACHEN FUER DEN BEREICH DES BILDUNGSWESENS, HRSG. VON FEOLL, PROJEKTTRAEGER DV IM BILDUNGSWESEN. PADERBORN: FEOLL 1974. 65 S.</subfield>
          </datafield>
          <datafield tag="425" ind1="a" ind2="1">
            <subfield code="a">1974</subfield>
          </datafield>
          <datafield tag="451" ind1="-" ind2="1">
            <subfield code="a">FEOLL INFORMATION. 1974,1.</subfield>
          </datafield>
          <controlfield tag="SYS">000102057</controlfield>
          <datafield tag="PKO" ind1="-" ind2="1">
            <subfield code="k">Forschungs- und Entwicklungszentrum für Objektivierte Lehr- und Lernverfahren</subfield>
            <subfield code="h">Paderborn</subfield>
            <subfield code="b">Projektträger DV im Bildungswesen</subfield>
            <subfield code="9">(DE-588)2082529-8</subfield>
          </datafield>
          <datafield tag="PKO" ind1="-" ind2="1">
            <subfield code="k">FEoLL-Projektträger DV im Bildungswesen</subfield>
            <subfield code="9">(DE-588)2082529-8</subfield>
          </datafield>
          <datafield tag="PKO" ind1="-" ind2="1">
            <subfield code="k">Deutschland</subfield>
            <subfield code="h">Bundesrepublik</subfield>
            <subfield code="b">Bundesminister für Forschung und Technologie</subfield>
            <subfield code="b">Projektträger DV im Bildungswesen</subfield>
            <subfield code="9">(DE-588)2082529-8</subfield>
          </datafield>
          <datafield tag="PKO" ind1="-" ind2="1">
            <subfield code="k">Projektträger Datenverarbeitung im Bildungswesen</subfield>
            <subfield code="9">(DE-588)2082529-8</subfield>
          </datafield>
          <datafield tag="PKO" ind1="-" ind2="1">
            <subfield code="k">Deutschland</subfield>
            <subfield code="h">Bundesrepublik</subfield>
            <subfield code="b">Bundesminister für Forschung und Technologie/ Projektträger Datenverarbeitung im Bildungswesen</subfield>
            <subfield code="9">(DE-588)2082529-8</subfield>
          </datafield>
          <datafield tag="PKO" ind1="-" ind2="1">
            <subfield code="k">Forschungs- und Entwicklungszentrum für Objektivierte Lehr- und Lernverfahren</subfield>
            <subfield code="h">Paderborn</subfield>
            <subfield code="b">Projektträger DV im Bildungswesen</subfield>
            <subfield code="9">(DE-588)2082529-8</subfield>
          </datafield>
          <datafield tag="PKO" ind1="-" ind2="1">
            <subfield code="k">FEoLL-Projektträger DV im Bildungswesen</subfield>
            <subfield code="9">(DE-588)2082529-8</subfield>
          </datafield>
          <datafield tag="PKO" ind1="-" ind2="1">
            <subfield code="k">Deutschland</subfield>
            <subfield code="h">Bundesrepublik</subfield>
            <subfield code="b">Bundesminister für Forschung und Technologie</subfield>
            <subfield code="b">Projektträger DV im Bildungswesen</subfield>
            <subfield code="9">(DE-588)2082529-8</subfield>
          </datafield>
          <datafield tag="PKO" ind1="-" ind2="1">
            <subfield code="k">Projektträger Datenverarbeitung im Bildungswesen</subfield>
            <subfield code="9">(DE-588)2082529-8</subfield>
          </datafield>
          <datafield tag="PKO" ind1="-" ind2="1">
            <subfield code="k">Deutschland</subfield>
            <subfield code="h">Bundesrepublik</subfield>
            <subfield code="b">Bundesminister für Forschung und Technologie/ Projektträger Datenverarbeitung im Bildungswesen</subfield>
            <subfield code="9">(DE-588)2082529-8</subfield>
          </datafield>
          <datafield tag="700" ind1=" " ind2=" ">
            <subfield code="a">IGM</subfield>
          </datafield>
          <datafield tag="OWN" ind1=" " ind2=" ">
            <subfield code="a">P0001</subfield>
          </datafield>
          <datafield tag="LOC" ind1=" " ind2=" ">
            <subfield code="m">BOOK</subfield>
            <subfield code="a">P0001</subfield>
            <subfield code="b">03</subfield>
            <subfield code="d">MQ10177</subfield>
            <subfield code="i">75/41231</subfield>
            <subfield code="n">21</subfield>
            <subfield code="k">20000217</subfield>
            <subfield code="5">98800-10</subfield>
          </datafield>
        </record>
      </metadata>
    </record>
  </ListRecords>
</OAI-PMH>
